@article{kober2013reinforcement,
  title={Reinforcement learning in robotics: A survey},
  author={Kober, Jens and Bagnell, J Andrew and Peters, Jan},
  journal={The International Journal of Robotics Research},
  volume={32},
  number={11},
  pages={1238--1274},
  year={2013}
}

@inproceedings{senft2015sparc,
  title={SPARC: Supervised Progressively Autonomous Robot Competencies},
  author={Senft, Emmanuel and Baxter, Paul and Kennedy, James and Belpaeme, Tony},
  booktitle={International Conference on Social Robotics},
  pages={603--612},
  year={2015}
}

@article{senft2017supervised,
  title={Supervised autonomy for online learning in human-robot interaction},
  author={Senft, Emmanuel and Baxter, Paul and Kennedy, James and Lemaignan, S{\'e}verin and Belpaeme, Tony},
  journal={Pattern Recognition Letters},
  year={2017}
}

@inproceedings{knox2009interactively,
  title={Interactively shaping agents via human reinforcement: The TAMER framework},
  author={Knox, W Bradley and Stone, Peter},
  booktitle={Proceedings of the fifth international conference on Knowledge capture},
  pages={9--16},
  year={2009}
}

@article{thomaz2008teachable,
  title={Teachable robots: Understanding human teaching behavior to build more effective robot learners},
  author={Thomaz, Andrea L and Breazeal, Cynthia},
  journal={Artificial Intelligence},
  volume={172},
  number={6},
  pages={716--737},
  year={2008}
}

@incollection{billard2008robot,
  title={Robot programming by demonstration},
  author={Billard, Aude and Calinon, Sylvain and Dillmann, Ruediger and Schaal, Stefan},
  booktitle={Springer handbook of robotics},
  pages={1371--1394},
  year={2008}
}

@article{lecun2015deep,
  title={Deep learning},
  author={LeCun, Yann and Bengio, Yoshua and Hinton, Geoffrey},
  journal={Nature},
  year={2015}
}

@book{sutton1998reinforcement,
  title={Reinforcement learning: An introduction},
  author={Sutton, Richard S and Barto, Andrew G},
  year={1998},
  publisher={MIT press Cambridge}
}

@article{silver2016mastering,
  title={Mastering the game of Go with deep neural networks and tree search},
  author={Silver, David and Huang, Aja and Maddison, Chris J and Guez, Arthur and Sifre, Laurent and Van Den Driessche, George and Schrittwieser, Julian and Antonoglou, Ioannis and Panneershelvam, Veda and Lanctot, Marc and others},
  journal={Nature},
  volume={529},
  number={7587},
  pages={484--489},
  year={2016}
}

@article{mnih2015human,
  title={Human-level control through deep reinforcement learning},
  author={Mnih, Volodymyr and Kavukcuoglu, Koray and Silver, David and Rusu, Andrei A and Veness, Joel and Bellemare, Marc G and Graves, Alex and Riedmiller, Martin and Fidjeland, Andreas K and Ostrovski, Georg and others},
  journal={Nature},
  volume={518},
  number={7540},
  pages={529--533},
  year={2015}
}

@article{tesauro1995temporal,
  title={Temporal difference learning and TD-Gammon},
  author={Tesauro, Gerald},
  journal={Communications of the ACM},
  volume={38},
  number={3},
  pages={58--68},
  year={1995}
}

@article{hester2017learning,
  title={Learning from Demonstrations for Real World Reinforcement Learning},
  author={Hester, Todd and Vecerik, Matej and Pietquin, Olivier and Lanctot, Marc and Schaul, Tom and Piot, Bilal and Sendonaris, Andrew and Dulac-Arnold, Gabriel and Osband, Ian and Agapiou, John and others},
  journal={arXiv preprint arXiv:1704.03732},
  year={2017}
}

@inproceedings{abbeel2004apprenticeship,
  title={Apprenticeship learning via inverse reinforcement learning},
  author={Abbeel, Pieter and Ng, Andrew Y},
  booktitle={Proceedings of the twenty-first international conference on Machine learning},
  year={2004}
}

@inproceedings{saunders2006teaching,
  title={Teaching robots by moulding behavior and scaffolding the environment},
  author={Saunders, Joe and Nehaniv, Chrystopher L and Dautenhahn, Kerstin},
  booktitle={Proceedings of the 1st ACM SIGCHI/SIGART conference on Human-robot interaction},
  pages={118--125},
  year={2006}
}

@inproceedings{liu2014train,
  title={How to train your robot-teaching service robots to reproduce human social behavior},
  author={Liu, Peng and Glas, Dylan F and Kanda, Takefumi and Ishiguro, Hiroshi and Hagita, Norihiro},
  booktitle={Robot and Human Interactive Communication, 2014 RO-MAN: The 23rd IEEE International Symposium on},
  pages={961--968},
  year={2014}
}

@inproceedings{cakmak2012designing,
  title={Designing robot learners that ask good questions},
  author={Cakmak, Maya and Thomaz, Andrea L},
  booktitle={Proceedings of the seventh annual ACM/IEEE international conference on Human-Robot Interaction},
  pages={17--24},
  year={2012}
}

@article{amershi2014power,
  title={Power to the people: The role of humans in interactive machine learning},
  author={Amershi, Saleema and Cakmak, Maya and Knox, William Bradley and Kulesza, Todd},
  journal={AI Magazine},
  volume={35},
  number={4},
  pages={105--120},
  year={2014}
}

@inproceedings{sutton1996generalization,
  title={Generalization in reinforcement learning: Successful examples using sparse coarse coding},
  author={Sutton, Richard S},
  booktitle={Advances in neural information processing systems},
  pages={1038--1044},
  year={1996}
}

@inproceedings{baxter2012touchscreen,
  title={A touchscreen-based ‘Sandtray’to facilitate, mediate and contextualise human-robot social interaction},
  author={Baxter, Paul and Wood, Rachel and Belpaeme, Tony},
  booktitle={Human-Robot Interaction (HRI), 2012 7th ACM/IEEE International Conference on},
  pages={105--106}
}

@InProceedings{macglashan2017interactive,
  title = {Interactive Learning from Policy-Dependent Human Feedback},
  author = {James MacGlashan and Mark K. Ho and Robert Loftin and Bei Peng and Guan Wang and David L. Roberts and Matthew E. Taylor and Michael L. Littman},
  booktitle = {Proceedings of the 34th International Conference on Machine Learning},
  year = {2017}
}

@inproceedings{cobo2011automatic,
  title={Automatic state abstraction from demonstration},
  author={Cobo, Luis C and Zang, Peng and Isbell Jr, Charles L and Thomaz, Andrea L},
  booktitle={IJCAI Proceedings-International Joint Conference on Artificial Intelligence},
  volume={22},
  number={1},
  year={2011}
}

@article{chernova2009interactive,
  title={Interactive policy learning through confidence-based autonomy},
  author={Chernova, Sonia and Veloso, Manuela},
  journal={Journal of Artificial Intelligence Research},
  volume={34},
  number={1},
  year={2009}
}

@inproceedings{walsh2010generalizing,
  title={Generalizing apprenticeship learning across hypothesis classes},
  author={Walsh, Thomas J and Subramanian, Kaushik and Littman, Michael L and Diuk, Carlos},
  booktitle={Proceedings of the 27th International Conference on Machine Learning (ICML-10)},
  pages={1119--1126},
  year={2010}
}

@article{aha1991instance,
  title={Instance-based learning algorithms},
  author={Aha, David W and Kibler, Dennis and Albert, Marc K},
  journal={Machine learning},
  volume={6},
  number={1},
  pages={37--66},
  year={1991}
}

@inproceedings{knox2010combining,
  title={Combining manual feedback with subsequent MDP reward signals for reinforcement learning},
  author={Knox, W Bradley and Stone, Peter},
  booktitle={Proceedings of the 9th International Conference on Autonomous Agents and Multiagent Systems: volume 1-Volume 1},
  pages={5--12},
  year={2010}
}

@inproceedings{judah2010reinforcement,
  title={Reinforcement Learning Via Practice and Critique Advice.},
  author={Judah, Kshitij and Roy, Saikat and Fern, Alan and Dietterich, Thomas G},
  booktitle={AAAI},
  year={2010}
}

@inproceedings{griffith2013policy,
  title={Policy shaping: Integrating human feedback with reinforcement learning},
  author={Griffith, Shane and Subramanian, Kaushik and Scholz, Jonathan and Isbell, Charles and Thomaz, Andrea L},
  booktitle={Advances in Neural Information Processing Systems},
  pages={2625--2633},
  year={2013}
}
